<record><leader>00000cas a22000007a 4500</leader><controlfield tag="001">16167848</controlfield><controlfield tag="008">870714d19201941msuwr ne      0   a0eng d</controlfield><datafield ind1=" " ind2=" " tag="010"><subfield code="a">sn 87065527 </subfield></datafield><datafield ind1=" " ind2=" " tag="040"><subfield code="a">MJA</subfield><subfield code="b">eng</subfield><subfield code="c">MJA</subfield><subfield code="d">MSJ</subfield><subfield code="d">OCLCQ</subfield><subfield code="d">DLC</subfield><subfield code="d">OCLCF</subfield></datafield><datafield ind1="0" ind2=" " tag="022"><subfield code="a">2469-3561</subfield><subfield code="2">1</subfield></datafield><datafield ind1=" " ind2=" " tag="042"><subfield code="a">msc</subfield><subfield code="a">nsdp</subfield></datafield><datafield ind1=" " ind2=" " tag="043"><subfield code="a">n-us-ms</subfield></datafield><datafield ind1="0" ind2="0" tag="050"><subfield code="a">Newspaper</subfield></datafield><datafield ind1="1" ind2="0" tag="082"><subfield code="a">071</subfield><subfield code="2">23</subfield></datafield><datafield ind1=" " ind2="4" tag="222"><subfield code="a">The chronicle-star</subfield><subfield code="b">(Print)</subfield></datafield><datafield ind1="0" ind2="4" tag="245"><subfield code="a">The chronicle-star.</subfield></datafield><datafield ind1="3" ind2="0" tag="246"><subfield code="a">Chronicle-star and the Moss Point advertiser</subfield></datafield><datafield ind1=" " ind2=" " tag="260"><subfield code="a">Pascagoula, Miss. :</subfield><subfield code="b">[s.n.],</subfield><subfield code="c">-1941.</subfield></datafield><datafield ind1=" " ind2=" " tag="300"><subfield code="a">v.</subfield></datafield><datafield ind1=" " ind2=" " tag="310"><subfield code="a">Weekly</subfield></datafield><datafield ind1="1" ind2=" " tag="362"><subfield code="a">Began in 1920.</subfield></datafield><datafield ind1="0" ind2=" " tag="362"><subfield code="a">-v. 97, no. 10 (Oct. 10, 1941).</subfield></datafield><datafield ind1=" " ind2=" " tag="500"><subfield code="a">Published as: Chronicle-star the Moss Point advertiser, Sept. 25, 1941.</subfield></datafield><datafield ind1=" " ind2=" " tag="530"><subfield code="a">Archived issues are available in digital format from the Library of Congress Chronicling America online collection.</subfield></datafield><datafield ind1=" " ind2=" " tag="588"><subfield code="a">Description based on: Vol. 76, no. 27 (Mar. 4, 1921).</subfield></datafield><datafield ind1=" " ind2="0" tag="651"><subfield code="a">Pascagoula (Miss.)</subfield><subfield code="v">Newspapers.</subfield></datafield><datafield ind1=" " ind2="7" tag="655"><subfield code="a">Newspapers.</subfield><subfield code="2">fast</subfield><subfield code="0">(OCoLC)fst01423814</subfield></datafield><datafield ind1=" " ind2="7" tag="651"><subfield code="a">Mississippi</subfield><subfield code="z">Pascagoula.</subfield><subfield code="2">fast</subfield><subfield code="0">(OCoLC)fst01208520</subfield></datafield><datafield ind1=" " ind2=" " tag="752"><subfield code="a">United States</subfield><subfield code="b">Mississippi</subfield><subfield code="c">Jackson</subfield><subfield code="d">Pascagoula.</subfield></datafield><datafield ind1="0" ind2="8" tag="776"><subfield code="i">Online version:</subfield><subfield code="t">Chronicle-star</subfield><subfield code="x">2469-357X</subfield><subfield code="w">(DLC)  2015270578</subfield></datafield><datafield ind1="0" ind2="4" tag="780"><subfield code="t">Pascagoula chronicle</subfield><subfield code="w">(OCoLC)16167671</subfield></datafield><datafield ind1="0" ind2="4" tag="780"><subfield code="t">Pascagoula Democrat-star</subfield><subfield code="x">2378-1831</subfield><subfield code="w">(DLC)sn 87065532</subfield><subfield code="w">(OCoLC)15213992</subfield></datafield><datafield ind1="0" ind2="7" tag="785"><subfield code="t">Moss Point advertiser</subfield></datafield><datafield ind1="0" ind2="7" tag="785"><subfield code="t">Chronicle-star the Moss Point advertiser (Pascagoula, Miss. : 1941)</subfield><subfield code="w">(OCoLC)16168284</subfield></datafield><datafield ind1="4" ind2="1" tag="856"><subfield code="u">http://www.loc.gov/chroniclingamerica/lccn/sn87065527/issues</subfield></datafield></record>